<?xml version="1.0" encoding="UTF-8"?><record xmlns="http://www.loc.gov/MARC21/slim" xmlns:cinclude="http://apache.org/cocoon/include/1.0" xmlns:zs="http://www.loc.gov/zing/srw/">
  <leader>00557cz  a2200157n  4500</leader>
  <controlfield tag="001">no2012030858</controlfield>
  <controlfield tag="003">DLC</controlfield>
  <controlfield tag="005">20130328081702.0</controlfield>
  <controlfield tag="008">120301n| azannaabn          |a aaa      </controlfield>
  <datafield tag="010" ind1=" " ind2=" ">
    <subfield code="a">no2012030858</subfield>
  </datafield>
  <datafield tag="035" ind1=" " ind2=" ">
    <subfield code="a">(OCoLC)oca09131658</subfield>
  </datafield>
  <datafield tag="040" ind1=" " ind2=" ">
    <subfield code="a">Nz</subfield>
    <subfield code="b">eng</subfield>
    <subfield code="e">rda</subfield>
    <subfield code="c">Nz</subfield>
    <subfield code="d">DLC</subfield>
  </datafield>
  <datafield tag="100" ind1="0" ind2=" ">
    <subfield code="a">Shima</subfield>
    <subfield code="c">(Musician)</subfield>
  </datafield>
  <datafield tag="400" ind1="1" ind2=" ">
    <subfield code="a">Ferriss, Michael</subfield>
  </datafield>
  <datafield tag="670" ind1=" " ind2=" ">
    <subfield code="a">A world without music, via National Library of NZ's Digital Archive, Feb. 24, 2012:</subfield>
    <subfield code="b">electronic album cover (Shima)</subfield>
  </datafield>
  <datafield tag="670" ind1=" " ind2=" ">
    <subfield code="a">Facebook WWW site, Feb. 24, 2012:</subfield>
    <subfield code="b">Shima page (Shima is Auckland musician Michael Ferriss)</subfield>
  </datafield>
</record>